@book{rossi2006handbook,
  title={Handbook of constraint programming},
  author={Rossi, Francesca and Van Beek, Peter and Walsh, Toby},
  year={2006},
  publisher={Elsevier}
}